[gd_scene load_steps=4 format=3 uid="uid://s7sx5vdf60ns"]

[ext_resource type="StyleBox" uid="uid://b8saofesxf7oc" path="res://themes/node_style.tres" id="1_g1cjb"]
[ext_resource type="PackedScene" uid="uid://ux8w3ydpw85n" path="res://nodes/input_node.tscn" id="2_tal3o"]

[sub_resource type="LabelSettings" id="LabelSettings_tud7u"]
font_size = 48

[node name="AudioNode" type="Control"]
layout_mode = 3
anchors_preset = 15
anchor_right = 1.0
anchor_bottom = 1.0
offset_right = -152.0
offset_bottom = -48.0
grow_horizontal = 2
grow_vertical = 2

[node name="Background" type="Panel" parent="."]
layout_mode = 1
anchors_preset = 15
anchor_right = 1.0
anchor_bottom = 1.0
grow_horizontal = 2
grow_vertical = 2
theme_override_styles/panel = ExtResource("1_g1cjb")

[node name="Label" type="Label" parent="Background"]
layout_mode = 0
offset_left = 100.0
offset_top = 30.0
offset_right = 500.0
offset_bottom = 106.0
text = "Input"
label_settings = SubResource("LabelSettings_tud7u")

[node name="Inputs" type="VBoxContainer" parent="Background"]
layout_mode = 1
anchors_preset = 4
anchor_top = 0.5
anchor_bottom = 0.5
offset_left = 50.0
offset_top = -95.0
offset_right = 80.0
offset_bottom = 95.0
grow_vertical = 2
theme_override_constants/separation = 50

[node name="InputNode" parent="Background/Inputs" instance=ExtResource("2_tal3o")]
layout_mode = 2

[node name="InputNode2" parent="Background/Inputs" instance=ExtResource("2_tal3o")]
layout_mode = 2

[node name="InputNode3" parent="Background/Inputs" instance=ExtResource("2_tal3o")]
layout_mode = 2

[node name="Outputs" type="VBoxContainer" parent="Background"]
layout_mode = 1
anchors_preset = 6
anchor_left = 1.0
anchor_top = 0.5
anchor_right = 1.0
anchor_bottom = 0.5
offset_left = -80.0
offset_top = -95.0
offset_right = -50.0
offset_bottom = 95.0
grow_horizontal = 0
grow_vertical = 2
theme_override_constants/separation = 50

[node name="InputNode" parent="Background/Outputs" instance=ExtResource("2_tal3o")]
layout_mode = 2

[node name="InputNode2" parent="Background/Outputs" instance=ExtResource("2_tal3o")]
layout_mode = 2

[node name="InputNode3" parent="Background/Outputs" instance=ExtResource("2_tal3o")]
layout_mode = 2
